<?xml version="1.0" encoding="UTF-8"?><collection xmlns="http://www.loc.gov/MARC21/slim"><record><leader>00452nam--2200133-i-4500</leader><controlfield tag="001">000004668</controlfield><controlfield tag="002">20161230</controlfield><controlfield tag="005">20170106173406</controlfield><controlfield tag="008">060222s1000------------r-----000-0-eng-d</controlfield><datafield ind1=" " ind2=" " tag="100"><subfield code="a">Csikai, Gyula</subfield></datafield><datafield ind1=" " ind2=" " tag="245"><subfield code="a">A neutrino visszal©œk¿ hat©Łs©Łnak ©♭s az electro neutrino sz©œgkorrel©Łci©đj©Łnak vizsgalata a He6 beta-boml©Łs©Łn©Łl Wilson-kamr©Łval</subfield></datafield><datafield ind1=" " ind2=" " tag="260"><subfield code="a">Budapest</subfield><subfield code="b">Magyar Tudom©Łnyos Akad©♭mia</subfield><subfield code="c">1958</subfield></datafield><datafield ind1=" " ind2=" " tag="300"><subfield code="a">13 p</subfield></datafield><datafield ind1=" " ind2=" " tag="CAT"><subfield code="a">SYS</subfield><subfield code="c">20170106</subfield><subfield code="h">173406</subfield></datafield></record></collection>